
@article{Rhur,
title={The Returns to Language Skills in the US Labor Market},
author={Ingo Isphording, Mathias Sinning}
isbn={978-3-86788-446-4}
url={https://poseidon01.ssrn.com/delivery.php?ID=989065009005113080031089119119117122028021001019074056118072090086029103121003109123020121038120049012114065122093020025106025025042021040033077106116091067079072007047000105002031030090102111105077064107082124119098122069025100093027104114015089026&EXT=pdf&INDEX=TRUE}
year={2010}
publisher={Ruhr-Universität Bochum}}

@TechReport{Fed,
  author={Albert Saiz and Elena Zoido},
  title={{The returns to speaking a second language}},
  year=2002,
  month=,
  institution={Federal Reserve Bank of Philadelphia},
  type={Working Papers},
  url={https://ideas.repec.org/p/fip/fedpwp/02-16.html},
  number={02-16},
}

@techreport{Western Europe,
title = "The Economic Returns to Multiple Language Usage in Western Europe",
keywords = "Western Europe, language usage",
author = "Williams, {Donald r.}",
year = "2006",
language = "English",
series = "IRISS Working Papers",
publisher = "CEPS/INSTEAD",
number = "2006-07",
type = "WorkingPaper",
institution = "CEPS/INSTEAD",
}

@article{Lopez,
title={Does Speaking a Second Language Affect Labor Market Outcomes? Evidence from the National Adult Literacy Survey of 1992}
author={Mark Hugo Lopez}
year={1999}
institution={University of Maryland}
}

@article{Canada, 
title={Economic Approaches to Language and Bilingualism. New Canadian Perspectives}
author={Breton Albert Ed.}
year={1998}
institution={Canadian Heritage, Ottowa}
}

@article{
title={An Economic Perspective on Learning a Second Language}
author={Gilles Grenier & François Vaillancourt}
year={1983}
institution={Journal of Multilingual and Multicultural Development}
}
